@article{harthscripting,
  title={Scripting Problem-solving Agents in Decentralised Smart Grids},
  author={Harth, Andreas and Speiser, Sebastian}
}
